@BOOK{MLFLACH,
  author = {Peter Flach},
  title = {Машинное обучение. Наука и искусство построения алгоритмов, которые извлекают знания из данных},
  year = {2015},
  numpages = {400},
  address = {— М.},
  publisher = {ДМК Пресс},
  language = {russian}
}

@ELECTRONIC{ELASTIC,
  title = {Elasticsearch Reference [Электронный ресурс]},
  howpublished = {Официальный сайт проекта Elasticsearch},
  year = {2019},
  url = {\url{https://www.elastic.co/guide/en/elasticsearch/reference/current/index.html}},
  annote = {дата обращения: 12.04.2019},
  language = {english}
}

@ELECTRONIC{TEXTCLASSIFICATION,
  author={Батура, Т. В.},
  title = {Методы автоматической классификации текстов},
  howpublished = {Программные продукты и системы},
  year = {2017},
  note={№1},
  url = {\url{https://cyberleninka.ru/article/n/metody-avtomaticheskoy-klassifikatsii-tekstov}},
  annote = {дата обращения: 01.04.2019},
  language = {russian}
}

@BOOK{Vyugin,
  author = {Вьюгин, В. В.},
  title = {Математические основы теории машинного обучения и прогнозирования},
  year = {2013},
  numpages = {387},
  address = {— М.},
  publisher = {},
  language = {russian}
}

@ELECTRONIC{Flask,
  title = {Flask: A Python Microframework [Электронный ресурс]},
  howpublished = {Официальный сайт проекта Flask},
  year = {2019},
  url = {\url{http://flask.pocoo.org}},
  annote = {дата обращения: 30.09.2018},
  language = {english}
}

@ELECTRONIC{Scikit,
  title = {Scikit-learn: Machine Learning in Python [Электронный ресурс]},
  howpublished = {Официальный сайт проекта Scikit-learn},
  year = {2019},
  url = {\url{https://scikit-learn.org/}},
  annote = {дата обращения: 10.12.2018},
  language = {english}
}

@ELECTRONIC{Python,
  title = {Python Reference [Электронный ресурс]},
  howpublished = {Официальный сайт Python},
  year = {2019},
  url = {\url{https://www.python.org/}},
  annote = {дата обращения: 02.04.2019},
  language = {english}
}

@ELECTRONIC{NumPy,
  title = {NumPy Reference [Электронный ресурс]},
  howpublished = {Официальный сайт проекта NumPy},
  year = {2019},
  url = {\url{hhttps://www.numpy.org/}},
  annote = {дата обращения: 10.12.2018},
  language = {english}
}

@ELECTRONIC{pandas,
  title = {pandas: Python Data Analysis Library [Электронный ресурс]},
  howpublished = {Официальный сайт проекта pandas},
  year = {2019},
  url = {\url{https://pandas.pydata.org/}},
  annote = {дата обращения: 10.12.2018},
  language = {english}
}

@ELECTRONIC{Joblib,
  title = {Joblib: running Python functions as pipeline jobs [Электронный ресурс]},
  howpublished = {Официальный сайт проекта Joblib},
  year = {2019},
  url = {\url{https://joblib.readthedocs.io/}},
  annote = {дата обращения: 10.12.2018},
  language = {english}
}