@BOOK{MLFLACH,
  author = {Peter Flach},
  title = {Машинное обучение. Наука и искусство построения алгоритмов, которые извлекают знания из данных},
  year = {2015},
  numpages = {400},
  address = {Москва},
  publisher = {ДМК Пресс},
  language = {russian}
}

@ELECTRONIC{ELASTIC,
  author = {},
  title = {Elasticsearch Reference [Электронный ресурс]},
  howpublished = {},
  year = {},
  numpages = {},
  url = {Режим доступа: \url{https://www.elastic.co/guide/en/elasticsearch/reference/current/index.html}},
  annote = {дата обращения: 12.04.2019},
  language = {english}
}